
@ARTICLE{Reich2019-uk,
  title    = "A collaborative multiyear, multimodel assessment of seasonal
              influenza forecasting in the United States",
  author   = "Reich, Nicholas G and Brooks, Logan C and Fox, Spencer J and
              Kandula, Sasikiran and McGowan, Craig J and Moore, Evan and
              Osthus, Dave and Ray, Evan L and Tushar, Abhinav and Yamana,
              Teresa K and Biggerstaff, Matthew and Johansson, Michael A and
              Rosenfeld, Roni and Shaman, Jeffrey",
  journal  = "Proc. Natl. Acad. Sci. U. S. A.",
  volume   =  116,
  number   =  8,
  pages    = "3146--3154",
  month    =  feb,
  year     =  2019,
  language = "en",
  issn     = "0027-8424, 1091-6490",
  pmid     = "30647115",
  doi      = "10.1073/pnas.1812594116",
  pmc      = "PMC6386665"
}

@ARTICLE{George2019-rx,
  title    = "Technology to advance infectious disease forecasting for outbreak
              management",
  author   = "George, Dylan B and Taylor, Wendy and Shaman, Jeffrey and Rivers,
              Caitlin and Paul, Brooke and O'Toole, Tara and Johansson, Michael
              A and Hirschman, Lynette and Biggerstaff, Matthew and Asher,
              Jason and Reich, Nicholas G",
  journal  = "Nat. Commun.",
  volume   =  10,
  number   =  1,
  pages    = "3932",
  month    =  sep,
  year     =  2019,
  language = "en",
  issn     = "2041-1723",
  pmid     = "31477707",
  doi      = "10.1038/s41467-019-11901-7",
  pmc      = "PMC6718692"
}

@ARTICLE{Biggerstaff2018-gt,
  title     = "Results from the second year of a collaborative effort to
               forecast influenza seasons in the United States",
  author    = "Biggerstaff, Matthew and Johansson, Michael and Alper, David and
               Brooks, Logan C and Chakraborty, Prithwish and Farrow, David C
               and Hyun, Sangwon and Kandula, Sasikiran and McGowan, Craig and
               Ramakrishnan, Naren and Rosenfeld, Roni and Shaman, Jeffrey and
               Tibshirani, Rob and Tibshirani, Ryan J and Vespignani,
               Alessandro and Yang, Wan and Zhang, Qian and Reed, Carrie",
  journal   = "Epidemics",
  publisher = "Elsevier",
  volume    =  24,
  pages     = "26--33",
  month     =  sep,
  year      =  2018,
  language  = "en",
  issn      = "1755-4365, 1878-0067",
  pmid      = "29506911",
  doi       = "10.1016/j.epidem.2018.02.003",
  pmc       = "PMC6108951"
}

@ARTICLE{Biggerstaff2018-ns,
  title    = "Systematic Assessment of Multiple Routine and Near {Real-Time}
              Indicators to Classify the Severity of Influenza Seasons and
              Pandemics in the United States, 2003-2004 Through 2015-2016",
  author   = "Biggerstaff, Matthew and Kniss, Krista and Jernigan, Daniel B and
              Brammer, Lynnette and Bresee, Joseph and Garg, Shikha and Burns,
              Erin and Reed, Carrie",
  journal  = "Am. J. Epidemiol.",
  volume   =  187,
  number   =  5,
  pages    = "1040--1050",
  month    =  may,
  year     =  2018,
  language = "en",
  issn     = "0002-9262, 1476-6256",
  pmid     = "29053783",
  doi      = "10.1093/aje/kwx334",
  pmc      = "PMC5908755"
}

@ARTICLE{McGowan2019-ph,
  title     = "Collaborative efforts to forecast seasonal influenza in the
               United States, 2015-2016",
  author    = "McGowan, Craig J and Biggerstaff, Matthew and Johansson, Michael
               and Apfeldorf, Karyn M and Ben-Nun, Michal and Brooks, Logan and
               Convertino, Matteo and Erraguntla, Madhav and Farrow, David C
               and Freeze, John and Ghosh, Saurav and Hyun, Sangwon and
               Kandula, Sasikiran and Lega, Joceline and Liu, Yang and Michaud,
               Nicholas and Morita, Haruka and Niemi, Jarad and Ramakrishnan,
               Naren and Ray, Evan L and Reich, Nicholas G and Riley, Pete and
               Shaman, Jeffrey and Tibshirani, Ryan and Vespignani, Alessandro
               and Zhang, Qian and Reed, Carrie and {Influenza Forecasting
               Working Group}",
  journal   = "Sci. Rep.",
  publisher = "nature.com",
  volume    =  9,
  number    =  1,
  pages     = "683",
  month     =  jan,
  year      =  2019,
  language  = "en",
  issn      = "2045-2322",
  pmid      = "30679458",
  doi       = "10.1038/s41598-018-36361-9",
  pmc       = "PMC6346105"
}

@ARTICLE{Biggerstaff2018-gt,
  title     = "Results from the second year of a collaborative effort to
               forecast influenza seasons in the United States",
  author    = "Biggerstaff, Matthew and Johansson, Michael and Alper, David and
               Brooks, Logan C and Chakraborty, Prithwish and Farrow, David C
               and Hyun, Sangwon and Kandula, Sasikiran and McGowan, Craig and
               Ramakrishnan, Naren and Rosenfeld, Roni and Shaman, Jeffrey and
               Tibshirani, Rob and Tibshirani, Ryan J and Vespignani,
               Alessandro and Yang, Wan and Zhang, Qian and Reed, Carrie",
  journal   = "Epidemics",
  publisher = "Elsevier",
  volume    =  24,
  pages     = "26--33",
  month     =  sep,
  year      =  2018,
  language  = "en",
  issn      = "1755-4365, 1878-0067",
  pmid      = "29506911",
  doi       = "10.1016/j.epidem.2018.02.003",
  pmc       = "PMC6108951"
}

@ARTICLE{Kandula2018-sq,
  title    = "Evaluation of mechanistic and statistical methods in forecasting
              influenza-like illness",
  author   = "Kandula, Sasikiran and Yamana, Teresa and Pei, Sen and Yang, Wan
              and Morita, Haruka and Shaman, Jeffrey",
  journal  = "J. R. Soc. Interface",
  volume   =  15,
  number   =  144,
  month    =  jul,
  year     =  2018,
  language = "en",
  issn     = "1742-5689, 1742-5662",
  pmid     = "30045889",
  doi      = "10.1098/rsif.2018.0174",
  pmc      = "PMC6073642"
}

@ARTICLE{Kandula2019-tg,
  title    = "Improved forecasts of influenza-associated hospitalization rates
              with Google Search Trends",
  author   = "Kandula, Sasikiran and Pei, Sen and Shaman, Jeffrey",
  journal  = "J. R. Soc. Interface",
  volume   =  16,
  number   =  155,
  pages    = "20190080",
  month    =  jun,
  year     =  2019,
  language = "en",
  issn     = "1742-5689, 1742-5662",
  pmid     = "31185818",
  doi      = "10.1098/rsif.2019.0080"
}

@ARTICLE{Brooks2015-fl,
  title    = "Flexible Modeling of Epidemics with an Empirical Bayes Framework",
  author   = "Brooks, Logan C and Farrow, David C and Hyun, Sangwon and
              Tibshirani, Ryan J and Rosenfeld, Roni",
  journal  = "PLoS Comput. Biol.",
  volume   =  11,
  number   =  8,
  pages    = "e1004382",
  month    =  aug,
  year     =  2015,
  language = "en",
  issn     = "1553-734X, 1553-7358",
  pmid     = "26317693",
  doi      = "10.1371/journal.pcbi.1004382",
  pmc      = "PMC4552841"
}

@MISC{Centers_for_Disease_Control_and_Prevention_undated-pu,
  title        = "{MMWR} Week Overview",
  author       = "{Centers for Disease Control and Prevention}",
  howpublished = "\url{https://wwwn.cdc.gov/nndss/document/MMWR_Week_overview.pdf}",
  note         = "Accessed: 2019-7-9"
}

@ARTICLE{Kim2009-bz,
  title     = "$\ell$1 Trend Filtering",
  author    = "Kim, S and Koh, K and Boyd, S and Gorinevsky, D",
  journal   = "SIAM Rev.",
  publisher = "Society for Industrial and Applied Mathematics",
  volume    =  51,
  number    =  2,
  pages     = "339--360",
  month     =  may,
  year      =  2009,
  issn      = "0036-1445",
  doi       = "10.1137/070690274"
}

@ARTICLE{Tibshirani2014-tr,
  title     = "Adaptive piecewise polynomial estimation via trend filtering",
  author    = "Tibshirani, Ryan J",
  journal   = "Ann. Stat.",
  publisher = "Institute of Mathematical Statistics",
  volume    =  42,
  number    =  1,
  pages     = "285--323",
  month     =  feb,
  year      =  2014,
  language  = "en",
  issn      = "0090-5364, 2168-8966",
  doi       = "10.1214/13-AOS1189"
}

@BOOK{Harrell2015-cd,
  title     = "Regression Modeling Strategies: With Applications to Linear
               Models, Logistic and Ordinal Regression, and Survival Analysis",
  author    = "Harrell, Jr., Frank E",
  publisher = "Springer International Publishing",
  series    = "Springer Series in Statistics",
  year      =  2015,
  isbn      = "9783319194240, 9783319194257",
  doi       = "10.1007/978-3-319-19425-7"
}

@ARTICLE{Howe2011-xs,
  title     = "Splines for trend analysis and continuous confounder control",
  author    = "Howe, Chanelle J and Cole, Stephen R and Westreich, Daniel J and
               Greenland, Sander and Napravnik, Sonia and Eron, Jr, Joseph J",
  journal   = "Epidemiology",
  publisher = "Epidemiology",
  volume    =  22,
  number    =  6,
  pages     = "874--875",
  month     =  nov,
  year      =  2011,
  language  = "en",
  issn      = "1044-3983, 1531-5487",
  pmid      = "00001648-201111000-00020",
  doi       = "10.1097/EDE.0b013e31823029dd",
  pmc       = "PMC3192444"
}

@ARTICLE{Austin2004-hu,
  title     = "Bootstrap Methods for Developing Predictive Models",
  author    = "Austin, Peter C and Tu, Jack V",
  journal   = "Am. Stat.",
  publisher = "Taylor \& Francis",
  volume    =  58,
  number    =  2,
  pages     = "131--137",
  month     =  may,
  year      =  2004,
  issn      = "0003-1305",
  doi       = "10.1198/0003130043277"
}

@INCOLLECTION{Akaike1998-ll,
  title     = "Information Theory and an Extension of the Maximum Likelihood
               Principle",
  booktitle = "Selected Papers of Hirotugu Akaike",
  author    = "Akaike, Hirotogu",
  editor    = "Parzen, Emanuel and Tanabe, Kunio and Kitagawa, Genshiro",
  publisher = "Springer New York",
  pages     = "199--213",
  year      =  1998,
  address   = "New York, NY",
  isbn      = "9781461216940",
  doi       = "10.1007/978-1-4612-1694-0\_15"
}

@MISC{Centers_for_Disease_Control_and_Prevention_undated-vt,
  title  = "Flu View Phase 3 Quick Reference Guide",
  author = "{Centers for Disease Control and Prevention}"
}

@ARTICLE{Van_der_Laan2007-ml,
  title     = "Super learner",
  author    = "van der Laan, Mark J and Polley, Eric C and Hubbard, Alan E",
  journal   = "Stat. Appl. Genet. Mol. Biol.",
  publisher = "De Gruyter",
  volume    =  6,
  number    =  1,
  pages     = "Article25",
  month     =  sep,
  year      =  2007,
  language  = "en",
  issn      = "1544-6115",
  pmid      = "17910531",
  doi       = "10.2202/1544-6115.1309"
}

@UNPUBLISHED{Polley2010-cb,
  title       = "Super Learner In Prediction",
  author      = "Polley, Eric C and van der Laan, Mark J",
  number      =  266,
  series      = "U.C. Berkeley Division of Biostatistics Working Paper Series",
  institution = "University of California, Berkeley",
  year        =  2010
}

@INCOLLECTION{Polley2011-oz,
  title     = "Super Learning",
  booktitle = "Targeted Learning: Causal Inference for Observational and
               Experimental Data",
  author    = "Polley, Eric C and Rose, Sherri and van der Laan, Mark J",
  editor    = "van der Laan, Mark J and Rose, Sherri",
  publisher = "Springer New York",
  pages     = "43--66",
  year      =  2011,
  address   = "New York, NY",
  isbn      = "9781441997821",
  doi       = "10.1007/978-1-4419-9782-1\_3"
}

@INCOLLECTION{Rose2018-ue,
  title     = "Sequential Super Learning",
  booktitle = "Targeted Learning in Data Science: Causal Inference for Complex
               Longitudinal Studies",
  author    = "Rose, Sherri and van der Laan, Mark J",
  editor    = "van der Laan, Mark J and Rose, Sherri",
  publisher = "Springer International Publishing",
  pages     = "27--34",
  series    = "Springer Series in Statistics",
  year      =  2018,
  address   = "Cham",
  isbn      = "9783319653044",
  doi       = "10.1007/978-3-319-65304-4\_3"
}

@MISC{Centers_for_Disease_Control_and_Prevention2016-nr,
  title        = "Laboratory-confirmed influenza hospitalizations",
  author       = "{Centers for Disease Control and Prevention}",
  year         =  2016,
  howpublished = "\url{https://gis.cdc.gov/GRASP/Fluview/FluHospRates.html}",
  note         = "Accessed: 2019-7-1"
}

@MISC{Arnold2015-tb,
  title  = "glmgen",
  author = "Arnold, Taylor and Sadhanala, Veeranjaneyulu and Tibshirani, Ryan",
  month  =  jun,
  year   =  2015
}

@MISC{Centers_for_Disease_Control_and_Prevention_undated-tx,
  title        = "Epidemic Prediction Initiative",
  author       = "{Centers for Disease Control and Prevention}",
  howpublished = "\url{https://predict.cdc.gov/post/59973fe26f7559750d84a843}",
  note         = "Accessed: 2020-2-21"
}

@ARTICLE{Yamada2016-fq,
  title   = "Selecting the tuning parameter of the $\ell1$ trend filter",
  author  = "Yamada, Hiroshi and Yoon, Gawon",
  journal = "Stud. Nonlinear Dyn. Econom.",
  volume  =  20,
  number  =  1,
  pages   = "1",
  month   =  jan,
  year    =  2016,
  issn    = "1558-3708, 1081-1826",
  doi     = "10.1515/snde-2014-0089"
}

@ARTICLE{Naimi2018-fv,
  title    = "Stacked generalization: an introduction to super learning",
  author   = "Naimi, Ashley I and Balzer, Laura B",
  journal  = "Eur. J. Epidemiol.",
  volume   =  33,
  number   =  5,
  pages    = "459--464",
  month    =  may,
  year     =  2018,
  language = "en",
  issn     = "0393-2990, 1573-7284",
  pmid     = "29637384",
  doi      = "10.1007/s10654-018-0390-z",
  pmc      = "PMC6089257"
}

@ARTICLE{Benkeser2018-if,
  title     = "Online cross-validation-based ensemble learning",
  author    = "Benkeser, David and Ju, Cheng and Lendle, Sam and van der Laan,
               Mark",
  journal   = "Stat. Med.",
  publisher = "Wiley Online Library",
  volume    =  37,
  number    =  2,
  pages     = "249--260",
  month     =  jan,
  year      =  2018,
  language  = "en",
  issn      = "0277-6715, 1097-0258",
  pmid      = "28474419",
  doi       = "10.1002/sim.7320",
  pmc       = "PMC5671383"
}

@INCOLLECTION{Van_der_Laan2018-xq,
  title     = "Online Super Learning",
  booktitle = "Targeted Learning in Data Science: Causal Inference for Complex
               Longitudinal Studies",
  author    = "van der Laan, Mark J and Benkeser, David",
  editor    = "van der Laan, Mark J and Rose, Sherri",
  publisher = "Springer International Publishing",
  pages     = "303--315",
  year      =  2018,
  address   = "Cham",
  isbn      = "9783319653044",
  doi       = "10.1007/978-3-319-65304-4\_18"
}
